@article{Science,
	title = {Tough choices ahead in {Ebola} vaccine trials},
	url = {https://www.science.org/content/article/tough-choices-ahead-ebola-vaccine-trials},
  author = {Cohen, J., and K. Kupferschmidt},
  month = oct,
  year = {2014},
	urldate = {2021-10-21},
}

@article{shaw_ethics_1970,
	title = {{ETHICS} {IN} {COOPERATIVE} {CLINICAL} {TRIALS}},
	volume = {169},
	issn = {0077-8923, 1749-6632},
	url = {https://onlinelibrary.wiley.com/doi/10.1111/j.1749-6632.1970.tb54759.x},
	doi = {10.1111/j.1749-6632.1970.tb54759.x},
	language = {en},
	number = {2 New Dimension},
	urldate = {2021-11-09},
	journal = {Annals of the New York Academy of Sciences},
	author = {Shaw, Lawrence W. and Chalmers, Thomas C.},
	month = jan,
	year = {1970},
	pages = {487--495},
}

@article{hellman_mice_1991,
	title = {Of {Mice} but {Not} {Men}: {Problems} of the {Randomized} {Clinical} {Trial}},
	volume = {324},
	issn = {0028-4793, 1533-4406},
	shorttitle = {Of {Mice} but {Not} {Men}},
	url = {http://www.nejm.org/doi/abs/10.1056/NEJM199105303242208},
	doi = {10.1056/NEJM199105303242208},
	language = {en},
	number = {22},
	urldate = {2021-11-09},
	journal = {New England Journal of Medicine},
	author = {Hellman, Samuel and Hellman, Deborah S.},
	month = may,
	year = {1991},
	pages = {1585--1589},
}

@article{schafer_commentary_1985,
	title = {Commentary: {The} {Randomized} {Clinical} {Trial}: {For} {Whose} {Benefit}?},
	volume = {7},
	issn = {01937758},
	shorttitle = {Commentary},
	url = {https://www.jstor.org/stable/3564143?origin=crossref},
	doi = {10.2307/3564143},
	number = {2},
	urldate = {2021-11-09},
	journal = {IRB: Ethics and Human Research},
	author = {Schafer, Arthur},
	month = mar,
	year = {1985},
	pages = {4},
}

@article{freedman_equipoise_1987,
	title = {Equipoise and the {Ethics} of {Clinical} {Research}},
	volume = {317},
	issn = {0028-4793, 1533-4406},
	url = {http://www.nejm.org/doi/abs/10.1056/NEJM198707163170304},
	doi = {10.1056/NEJM198707163170304},
	language = {en},
	number = {3},
	urldate = {2021-11-09},
	journal = {New England Journal of Medicine},
	author = {Freedman, Benjamin},
	month = jul,
	year = {1987},
	pages = {141--145},
}

@article{meier_terminating_1979,
	title = {Terminating a trial-the ethical problem},
	volume = {25},
	issn = {00099236},
	url = {https://onlinelibrary.wiley.com/doi/10.1002/cpt1979255part2633},
	doi = {10.1002/cpt1979255part2633},
	language = {en},
	number = {5part2},
	urldate = {2021-11-09},
	journal = {Clinical Pharmacology \& Therapeutics},
	author = {Meier, Paul},
	month = may,
	year = {1979},
	pages = {633--640},
}

@incollection{clifford_ethics_1886,
	edition = {2},
	title = {The {Ethics} of {Belief}},
	url = {https://books.google.com/books?id=iePWO-thW\_sC},
	booktitle = {Lectures and {Essays}},
	publisher = {Macmillian},
	author = {Clifford, William},
	year = {1886},
	note = {original-date: },
	pages = {339--363},
}

@book{fried_medical_2016,
	address = {New York, NY},
	edition = {New edition},
	title = {Medical experimentation: personal integrity and social policy},
	isbn = {9780190602727},
	shorttitle = {Medical experimentation},
	publisher = {Oxford University Press},
	author = {Fried, Charles and Miller, Franklin G. and Wertheimer, Alan},
	year = {2016},
	keywords = {Human Experimentation, ethics, United States, Human Experimentation, legislation \& jurisprudence, United States, Human Rights, United States, Public Policy, United States, Randomized Controlled Trials as Topic, United States},
}

@book{pellegrino_virtues_1993,
	address = {New York},
	title = {The virtues in medical practice},
	isbn = {9780195082890},
	publisher = {Oxford University Press},
	author = {Pellegrino, Edmund D. and Thomasma, David C.},
	year = {1993},
	keywords = {Medical ethics, Bioethics, Ethics, Medical, Philosophy, Medical},
}

@article{tomes_american_1997,
	title = {American {Attitudes} toward the {Germ} {Theory} of {Disease}: {Phyllis} {Allen} {Richmond} {Revisited}},
	volume = {52},
	issn = {0022-5045, 1468-4373},
	shorttitle = {American {Attitudes} toward the {Germ} {Theory} of {Disease}},
	url = {https://academic.oup.com/jhmas/article-lookup/doi/10.1093/jhmas/52.1.17},
	doi = {10.1093/jhmas/52.1.17},
	language = {en},
	number = {1},
	urldate = {2021-11-09},
	journal = {Journal of the History of Medicine and Allied Sciences},
	author = {Tomes, N. J.},
	month = jan,
	year = {1997},
	pages = {17--50},
}

@article{NYT,
	chapter = {Health},
	title = {New {Ebola} {Vaccine} {Gives} 100 {Percent} {Protection}},
	issn = {0362-4331},
	url = {https://www.nytimes.com/2016/12/22/health/ebola-vaccine.html},
	abstract = {After decades of trying, scientists have finally devised a powerful vaccine against a terrifying contagion.},
	language = {en-US},
	urldate = {2021-10-21},
	journal = {The New York Times},
	author = {Jr, Donald G. McNeil},
	month = dec,
	year = {2016},
	keywords = {McNeil, Donald G Jr, Ebola Virus, Vaccination and Immunization, Epidemics, Africa, Lancet, The (Journal), Guinea, Kieny, Marie-Paule, World Health Organization},
}

@article{UF,
  title = {Biostat researchers discuss roles in ongoing Ebola vaccine trial},
  author = {UF (University of Florida)},
  url =
  {epi.ufl.edu/news-and-events/epi-news/biostat-researchers-discuss-roles-in-ongoing-ebola-vaccine-trial.html},
  urldate = {2021-10-21},
}




@article{HR2016,
	title = {Efficacy and effectiveness of an {rVSV}-vectored vaccine in preventing {Ebola} virus disease: final results from the {Guinea} ring vaccination, open-label, cluster-randomised trial ({Ebola} Ça {Suffit}!)},
	volume = {389},
	issn = {01406736},
	shorttitle = {Efficacy and effectiveness of an {rVSV}-vectored vaccine in preventing {Ebola} virus disease},
	url = {https://linkinghub.elsevier.com/retrieve/pii/S0140673616326216},
	doi = {10.1016/S0140-6736(16)32621-6},
	language = {en},
	number = {10068},
	urldate = {2021-10-21},
	journal = {The Lancet},
	author = {Henao-Restrepo, Ana Maria and Camacho, Anton and Longini, Ira M and Watson, Conall H and Edmunds, W John and Egger, Matthias and Carroll, Miles W and Dean, Natalie E and Diatta, Ibrahima and Doumbia, Moussa and Draguez, Bertrand and Duraffour, Sophie and Enwere, Godwin and Grais, Rebecca and Gunther, Stephan and Gsell, Pierre-Stéphane and Hossmann, Stefanie and Watle, Sara Viksmoen and Kondé, Mandy Kader and Kéïta, Sakoba and Kone, Souleymane and Kuisma, Eewa and Levine, Myron M and Mandal, Sema and Mauget, Thomas and Norheim, Gunnstein and Riveros, Ximena and Soumah, Aboubacar and Trelle, Sven and Vicari, Andrea S and Røttingen, John-Arne and Kieny, Marie-Paule},
	month = feb,
	year = {2017},
	pages = {505--518},
}
